@article{BrooksAIJ91,   
        title="Intelligence without Representation",
        author="Rodney A. Brooks",   
	journal = "Artificial Intelligence",
        volume = 47,
        number = {1--3},
	pages = {139--159},
        year = 1991}

